@book{kabacoffActionThirdEdition2022,
  title={R in action: data analysis and graphics with R and Tidyverse},
  author={Kabacoff, Robert I},
  year={2022},
  publisher={Simon and Schuster}
}

@inproceedings{salvucci2000identifying,
  title={Identifying fixations and saccades in eye-tracking protocols},
  author={Salvucci, Dario D and Goldberg, Joseph H},
  booktitle={Proceedings of the 2000 symposium on Eye tracking research \& applications},
  pages={71--78},
  year={2000}
}

@incollection{orquin2019primer,
  title={A primer on eye-tracking methodology for behavioral science},
  author={Orquin, Jacob L and Holmqvist, Kenneth},
  booktitle={A handbook of process tracing methods},
  pages={53--64},
  year={2019},
  publisher={Routledge}
}

@book{duchowski2017eye,
  title={Eye tracking methodology: Theory and practice},
  author={Duchowski, Andrew T and Duchowski, Andrew T},
  year={2017},
  publisher={Springer}
}

@article{rayner1998eye,
  title={Eye movements in reading and information processing: 20 years of research.},
  author={Rayner, Keith},
  journal={Psychological bulletin},
  volume={124},
  number={3},
  pages={372},
  year={1998},
  publisher={American Psychological Association}
}

@book{holmqvist2011eye,
  title={Eye tracking: A comprehensive guide to methods and measures},
  author={Holmqvist, Kenneth and Nystr{\"o}m, Marcus and Andersson, Richard and Dewhurst, Richard and Jarodzka, Halszka and Van de Weijer, Joost},
  year={2011},
  publisher={oup Oxford}
}

@article{beesley2015,
	title = {Uncertainty and predictiveness determine attention to cues during human associative learning},
	author = {Beesley, Tom and Nguyen, Katherine P. and Pearson, Daniel and Le Pelley, Mike E.},
	year = {2015},
	month = {11},
	date = {2015-11},
	journal = {Quarterly Journal of Experimental Psychology},
	pages = {2175--2199},
	volume = {68},
	number = {11},
	doi = {10.1080/17470218.2015.1009919},
	url = {http://journals.sagepub.com/doi/10.1080/17470218.2015.1009919},
	langid = {en}
}

@inbook{beesley2019,
	title = {Chapter 1 - Eye Tracking as a Tool for Examining Cognitive Processes},
	author = {Beesley, Tom and Pearson, Daniel and Le Pelley, Mike},
	editor = {Foster, Gigi},
	year = {2019},
	month = {01},
	date = {2019-01-01},
	publisher = {Academic Press},
	pages = {1--30},
	doi = {10.1016/B978-0-12-813092-6.00002-2},
	url = {https://www.sciencedirect.com/science/article/pii/B9780128130926000022},
	note = {DOI: 10.1016/B978-0-12-813092-6.00002-2}
}

@inproceedings{salvucci2000,
	title = {the symposium},
	author = {Salvucci, Dario D. and Goldberg, Joseph H.},
	year = {2000},
	date = {2000},
	publisher = {ACM Press},
	pages = {71--78},
	doi = {10.1145/355017.355028},
	url = {http://portal.acm.org/citation.cfm?doid=355017.355028},
	address = {Palm Beach Gardens, Florida, United States},
	langid = {en}
}

@article{albouy2006,
	title = {Implicit oculomotor sequence learning in humans: Time course of offline processing},
	author = {Albouy, {Geneviève} and Ruby, Perrine and Phillips, Christophe and Luxen, {André} and Peigneux, Philippe and Maquet, Pierre},
	year = {2006},
	month = {05},
	date = {2006-05},
	journal = {Brain Research},
	pages = {163--171},
	volume = {1090},
	number = {1},
	doi = {10.1016/j.brainres.2006.03.076},
	url = {https://linkinghub.elsevier.com/retrieve/pii/S0006899306008535},
	langid = {en}
}

@inproceedings{salvucci2000a,
	title = {the symposium},
	author = {Salvucci, Dario D. and Goldberg, Joseph H.},
	year = {2000},
	date = {2000},
	publisher = {ACM Press},
	pages = {71--78},
	doi = {10.1145/355017.355028},
	url = {http://portal.acm.org/citation.cfm?doid=355017.355028},
	address = {Palm Beach Gardens, Florida, United States},
	langid = {en}
}

@article{irwin1995,
	title = {Information processing during saccadic eye movements},
	author = {Irwin, David E. and Carlson-Radvansky, Laura A. and Andrews, Rachel V.},
	year = {1995},
	month = {11},
	date = {1995-11-01},
	journal = {Acta Psychologica},
	pages = {261--273},
	series = {Discrete and Continuous Information Processing},
	volume = {90},
	number = {1},
	doi = {10.1016/0001-6918(95)00024-O},
	url = {https://www.sciencedirect.com/science/article/pii/000169189500024O}
}

@article{sanders1985,
	title = {There is no central stimulus encoding during saccadic eye shifts: A case against general parallel processing notions},
	author = {Sanders, A. F. and Houtmans, M. J. M.},
	year = {1985},
	month = {12},
	date = {1985-12-01},
	journal = {Acta Psychologica},
	pages = {323--338},
	volume = {60},
	number = {2},
	doi = {10.1016/0001-6918(85)90060-5},
	url = {https://www.sciencedirect.com/science/article/pii/0001691885900605}
}

@article{vanduren1995,
	title = {Signal processing during and across saccades},
	author = {van Duren, Lidewij L. and Sanders, Andries F.},
	year = {1995},
	month = {07},
	date = {1995-07-01},
	journal = {Acta Psychologica},
	pages = {121--147},
	volume = {89},
	number = {2},
	doi = {10.1016/0001-6918(94)00029-G},
	url = {https://www.sciencedirect.com/science/article/pii/000169189400029G}
}
